% This file was created with JabRef 2.10.
% Encoding: UTF-8


@InProceedings{06AP_selection,
  Title                    = {{On Access Point Selection in IEEE 802.11 Wireless Local Area Networks}},
  Author                   = {Abusubaih, M. and Gross, J. and Wiethoelter, S. and Wolisz, A.},
  Booktitle                = {{Proceedings. 2006 31st IEEE Conference on Local Computer Networks}},
  Year                     = {2006},
  Month                    = {Nov},
  Pages                    = {879--886}
}

@Article{08new_AP_selection,
  Title                    = {{A new access point selection policy for multi-rate IEEE 802.11 WLANs}},
  Author                   = {Abusubaih, Murad and Wiethoelter, Sven and Gross, James and Wolisz, Adam},
  Journal                  = {International Journal of Parallel, Emergent and Distributed Systems},
  Year                     = {2008},
  Number                   = {4},
  Pages                    = {291--307},
  Volume                   = {23}
}

@InProceedings{08interference_aware_decentralised_AP_selection,
  Title                    = {{Interference-aware decentralized access point selection policy for multi-rate IEEE 802.11 Wireless LANs}},
  Author                   = {Abusubaih, M. and Wolisz, A.},
  Booktitle                = {{2008 IEEE 19th International Symposium on Personal, Indoor and Mobile Radio Communications}},
  Year                     = {2008},
  Month                    = {Sept},
  Pages                    = {1--6}
}

@InProceedings{07optimal_association_MSWIM,
  Title                    = {{An Optimal Station Association Policy for Multi-rate Ieee 802.11 Wireless Lans}},
  Author                   = {Abusubaih, Murad and Wolisz, Adam},
  Booktitle                = {{Proceedings of the 10th ACM Symposium on Modeling, Analysis, and Simulation of Wireless and Mobile Systems}},
  Year                     = {2007},
  Pages                    = {117--123},
  Publisher                = {ACM},
  Series                   = {{MSWiM '07}},

  Numpages                 = {7}
}

@InProceedings{05optimal_AP_selection,
  Title                    = {Optimal access point selection and traffic allocation in IEEE 802.11 networks},
  Author                   = {Akl, Robert and Park, Sangtae},
  Booktitle                = {Proceedings of 9th World Multiconference on Systemics, Cybernetics and Informatics (WMSCI 2005): Communication and Network Systems, Technologies and Applications},
  Year                     = {2005},
  Pages                    = {75--79},
  Volume                   = {8}
}

@Article{16Hotspot2.0_wifiAlliance,
  Title                    = {{Wi-Fi CERTIFIED Passpoint (Release 2) Deployment Guidelines Rev 1.1}},
  Author                   = {ALLIANCE, WIFI},
  Journal                  = {WIFI Alliance},
  Year                     = {2016},

  Month                    = dec
}

@InProceedings{16AP_association_optimisation_fairness,
  Title                    = {{Association Optimization in Wi-Fi Networks: Use of an Access-based Fairness}},
  Author                   = {AMER, Mohammed and Busson, Anthony and {Gu{\'e}rin Lassous}, Isabelle},
  Booktitle                = {{Proceedings of the 19th ACM International Conference on Modeling, Analysis and Simulation of Wireless and Mobile Systems}},
  Year                     = {2016},
  Pages                    = {119--126},
  Publisher                = {ACM},
  Series                   = {{MSWiM '16}},

  Acmid                    = {2989153}
}

@InProceedings{07adjacent_channel_interefrence_multi_radio,
  Title                    = {{Adjacent channel interference in a multi-radio wireless mesh node with 802.11 a/g interfaces}},
  Author                   = {Angelakis, Vangelis and Traganitis, Apostolos and Siris, Vasilios},
  Year                     = {2007}
}

@Article{13cross_layer_AP_selection_distributed,
  Title                    = {{Cross layer access point selection mechanisms for a distributed queuing MAC protocol}},
  Author                   = {Antonopoulos, Angelos and Alonso-Z{\'a}rate, Jes{\'u}s and Kartsakli, Elli and Alonso, Luis and Verikoukis, Ch},
  Journal                  = {Telecommunication Systems},
  Year                     = {2013},
  Number                   = {3},
  Pages                    = {329--342},
  Volume                   = {53},

  Publisher                = {Springer}
}

@Article{15optimisingAP_association_Mili_wave,
  Title                    = {{Optimizing Client Association for Load Balancing and Fairness in Millimeter-Wave Wireless Networks}},
  Author                   = {Athanasiou, G. and Weeraddana, P. C. and Fischione, C. and Tassiulas, L.},
  Journal                  = {IEEE/ACM Transactions on Networking},
  Year                     = {2015},

  Month                    = {June},
  Number                   = {3},
  Pages                    = {836--850},
  Volume                   = {23}
}

@Article{13optimising_association_miliwave,
  Title                    = {{Optimizing Client Association in 60 GHz Wireless Access Networks}},
  Author                   = {Athanasiou, George and Weeraddana, Pradeep Chathuranga and Fischione, Carlo and Tassiulas, Leandros},
  Journal                  = {CoRR},
  Year                     = {2013},
  Volume                   = {abs/1301.2723}
}

@InProceedings{05performance_time_throughput_fairness,
  Title                    = {{Performance analysis of IEEE 802.11 multirate WLANs: time based fairness vs throughput based fairness}},
  Author                   = {Babu, AV and Jacob, Lillykutty},
  Booktitle                = {{Wireless Networks, Communications and Mobile Computing, 2005 International Conference on}},
  Year                     = {2005},
  Organization             = {IEEE},
  Pages                    = {203--208},
  Volume                   = {1}
}

@Article{07Cell_Breathing,
  Title                    = {Cell Breathing in Wireless LANs: Algorithms and Evaluation},
  Author                   = {P. Bahl and M. T. Hajiaghayi and K. Jain and S. V. Mirrokni and L. Qiu and A. Saberi},
  Journal                  = {IEEE Transactions on Mobile Computing},
  Year                     = {2007},

  Month                    = {Feb},
  Number                   = {2},
  Pages                    = {164-178},
  Volume                   = {6}
}

@Article{15channel_selection_dynamics_dense_wifi,
  Title                    = {{Understanding channel selection dynamics in dense Wi-Fi networks}},
  Author                   = {Baid, A. and Raychaudhuri, D.},
  Journal                  = {IEEE Communications Magazine},
  Year                     = {2015},

  Month                    = {January},
  Number                   = {1},
  Pages                    = {110--117},
  Volume                   = {53}
}

@InProceedings{12Network_cooperation_AP_association,
  Title                    = {{Network cooperation for client-ap association optimization}},
  Author                   = {Baid, A. and Schapira, M. and Seskar, I. and Rexford, J. and Raychaudhuri, D.},
  Booktitle                = {{2012 10th International Symposium on Modeling and Optimization in Mobile, Ad Hoc and Wireless Networks (WiOpt)}},
  Year                     = {2012},
  Month                    = {May},
  Pages                    = {431--436}
}

@InProceedings{02congestion_relief_public,
  Title                    = {{Hot-spot congestion relief in public-area wireless networks}},
  Author                   = {Balachandran, A. and Bahl, P. and Voelker, G. M.},
  Booktitle                = {{Proceedings Fourth IEEE Workshop on Mobile Computing Systems and Applications}},
  Year                     = {2002},
  Pages                    = {70--80}
}

@Article{07proportional_fairness_throughput,
  Title                    = {{Proportional fair throughput allocation in multirate IEEE 802.11e wireless LANs}},
  Author                   = {Banchs, Albert and Serrano, Pablo and Oliver, Huw},
  Journal                  = {Wireless Networks},
  Year                     = {2007},
  Number                   = {5},
  Pages                    = {649--662},
  Volume                   = {13}
}

@Article{06MIFI_fairness_multipel_AP,
  Title                    = {{MiFi: a framework for fairness and QoS assurance for current IEEE 802.11 networks with multiple access points}},
  Author                   = {Bejerano, Y. and Bhatia, R. S.},
  Journal                  = {IEEE/ACM Transactions on Networking},
  Year                     = {2006},

  Month                    = {Aug},
  Number                   = {4},
  Pages                    = {849--862},
  Volume                   = {14}
}

@Article{07fairness_load_balancing_LAN,
  Title                    = {{Fairness and Load Balancing in Wireless LANs Using Association Control}},
  Author                   = {Bejerano, Y. and Han, S. J. and Li, L.},
  Journal                  = {IEEE/ACM Transactions on Networking},
  Year                     = {2007},

  Month                    = {June},
  Number                   = {3},
  Pages                    = {560--573},
  Volume                   = {15}
}

@Article{09Cell_breathing_Load_balancing_WLAN,
  Title                    = {{Cell Breathing Techniques for Load Balancing in Wireless LANs}},
  Author                   = {Bejerano, Yigal and Han, Seung-Jae},
  Journal                  = {IEEE Transactions on Mobile Computing},
  Year                     = {2009},

  Month                    = jun,
  Number                   = {6},
  Pages                    = {735--749},
  Volume                   = {8},

  Issue_date               = {June 2009}
}

@InProceedings{04Fairness_load_balancing_WLAN,
  Title                    = {{Fairness and Load Balancing in Wireless LANs Using Association Control}},
  Author                   = {Bejerano, Yigal and Han, Seung-Jae and Li, Li (Erran)},
  Booktitle                = {{Proceedings of the 10th Annual International Conference on Mobile Computing and Networking}},
  Year                     = {2004},
  Pages                    = {315--329},
  Publisher                = {ACM},
  Series                   = {{MobiCom '04}}
}

@InProceedings{11Multichannel_AP_seamless_handoff,
  Title                    = {{Multichannel Virtual Access Points for Seamless Handoffs in IEEE 802.11 Wireless Networks}},
  Author                   = {Berezin, M. E. and Rousseau, F. and Duda, A.},
  Booktitle                = {{2011 IEEE 73rd Vehicular Technology Conference (VTC Spring)}},
  Year                     = {2011},
  Month                    = {May},
  Pages                    = {1--5}
}

@InProceedings{10splitAP_flexible_sharing,
  Title                    = {{SplitAP: Leveraging Wireless Network Virtualization for Flexible Sharing of WLANs}},
  Author                   = {Bhanage, G. and Vete, D. and Seskar, I. and Raychaudhuri, D.},
  Booktitle                = {{2010 IEEE Global Telecommunications Conference GLOBECOM 2010}},
  Year                     = {2010},
  Month                    = {Dec},
  Pages                    = {1--6}
}

@InProceedings{14interference_fairness_infocom,
  Title                    = {{Interference-aware proportional fairness for multi-rate wireless networks}},
  Author                   = {Blough, D. M. and Resta, G. and Santi, P.},
  Booktitle                = {{IEEE INFOCOM 2014 - IEEE Conference on Computer Communications}},
  Year                     = {2014},
  Month                    = {April},
  Pages                    = {2733--2741}
}

@InProceedings{12neural_network_congetive_AP_selection,
  Title                    = {{A Neural Network based cognitive engine for IEEE 802.11 WLAN Access Point selection}},
  Author                   = {Bojovic, B. and Baldo, N. and Dini, P.},
  Booktitle                = {{2012 IEEE Consumer Communications and Networking Conference (CCNC)}},
  Year                     = {2012},
  Month                    = {Jan},
  Pages                    = {864--868}
}

@InProceedings{11supervised_learning_congnetive_AP_selection,
  Title                    = {{A supervised learning approach to cognitive access point selection}},
  Author                   = {Bojovic, Biljana and Baldo, Nicola and Nin-Guerrero, Jaume and Dini, Paolo},
  Booktitle                = {{GLOBECOM Workshops (GC Wkshps), 2011 IEEE}},
  Year                     = {2011},
  Organization             = {IEEE},
  Pages                    = {1100--1105}
}

@InProceedings{05load_balancing_802.11e,
  Title                    = {Load balancing for QoS enhancement in IEEE802. 11e WLANs using cell breathing techniques},
  Author                   = {Brickley, Olivia and Rea, Susan and Pesch, Dirk},
  Booktitle                = {7th IFIP International Conference on Mobile and Wireless Communications Networks, Maroc},
  Year                     = {2005}
}

@InProceedings{06proportional_fairness_3G_networks,
  Title                    = {{Generalized Proportional Fair Scheduling in Third Generation Wireless Data Networks}},
  Author                   = {Bu, T. and Li, L. and Ramjee, R.},
  Booktitle                = {{Proceedings IEEE INFOCOM 2006. 25TH IEEE International Conference on Computer Communications}},
  Year                     = {2006},
  Month                    = {April},
  Pages                    = {1--12}
}

@Article{13proportional_fairness_channel_access,
  Title                    = {{Proportional fairness in MAC layer channel access of IEEE 802.11s EDCA based wireless mesh networks}},
  Author                   = {Chakraborty, Sandip and Swain, Pravati and Nandi, Sukumar},
  Journal                  = {Ad Hoc Networks},
  Year                     = {2013},
  Number                   = {1},
  Pages                    = {570--584},
  Volume                   = {11}
}

@Article{14design_AP_ahndoff_WLAN,
  Title                    = {{The design of an ap-based handoff scheme for ieee 802.11 wlans}},
  Author                   = {Chan, Yi-Cheng and Lin, Dai-Jiong},
  Journal                  = {International Journal of e-Education, e-Business, e-Management and e-Learning},
  Year                     = {2014},
  Number                   = {1},
  Pages                    = {72},
  Volume                   = {4},

  Publisher                = {IACSIT Press}
}

@InProceedings{04MultiNet,
  Title                    = {{MultiNet: connecting to multiple IEEE 802.11 networks using a single wireless card}},
  Author                   = {Chandra, R. and Bahl, P. and Bahl, P.},
  Booktitle                = {{IEEE INFOCOM 2004}},
  Year                     = {2004},
  Month                    = {March},
  Pages                    = {882--893 vol.2},
  Volume                   = {2}
}

@Article{11Rigourous_proportional_fairness,
  Title                    = {{Proportional Fairness in 802.11 Wireless LANs}},
  Author                   = {Checco, A. and Leith, D. J.},
  Journal                  = {IEEE Communications Letters},
  Year                     = {2011},

  Month                    = {August},
  Number                   = {8},
  Pages                    = {807--809},
  Volume                   = {15}
}

@InProceedings{06effective_AP_selection_load_balancing,
  Title                    = {{WLC19-4: Effective AP Selection and Load Balancing in IEEE 802.11 Wireless LANs}},
  Author                   = {Chen, J. C. and Chen, T. C. and Zhang, T. and van den Berg, E.},
  Booktitle                = {{IEEE Globecom 2006}},
  Year                     = {2006},
  Month                    = {Nov},
  Pages                    = {1--6}
}

@InProceedings{10distributed_AP_selection_no_regret,
  Title                    = {{A Distributed Access Point Selection Algorithm Based on No-Regret Learning for Wireless Access Networks}},
  Author                   = {Chen, L.},
  Booktitle                = {{2010 IEEE 71st Vehicular Technology Conference}},
  Year                     = {2010},
  Month                    = {May},
  Pages                    = {1--5}
}

@Article{13AP_selection_qos_requirement_variable_channel,
  Title                    = {{Access Point Selection under QoS Requirements in Variable Channel-Width WLANs}},
  Author                   = {Chen, X. and Yuan, W. and Cheng, W. and Liu, W. and Leung, H.},
  Journal                  = {IEEE Wireless Communications Letters},
  Year                     = {2013},

  Month                    = {February},
  Number                   = {1},
  Pages                    = {114--117},
  Volume                   = {2}
}

@InProceedings{12SAP,
  Title                    = {{SAP: Smart Access Point with seamless load balancing multiple interfaces}},
  Author                   = {Chen, X. and Zhao, Yue and Peck, B. and Qiao, D.},
  Booktitle                = {{2012 Proceedings IEEE INFOCOM}},
  Year                     = {2012},
  Month                    = {March},
  Pages                    = {1458--1466}
}

@InProceedings{14strategy_diffrentiated_AP_selection_application,
  Title                    = {{A strategy for differentiated access service selection based on application in WLANs}},
  Author                   = {Chen, Z. and Xiong, Q. and Liu, Y. and Huang, C.},
  Booktitle                = {{2014 IEEE Conference on Computer Communications Workshops (INFOCOM WKSHPS)}},
  Year                     = {2014},
  Month                    = {April},
  Pages                    = {317--322}
}

@InProceedings{12FLASHBACK,
  Title                    = {{Flashback: Decoupled Lightweight Wireless Control}},
  Author                   = {Cidon, Asaf and Nagaraj, Kanthi and Katti, Sachin and Viswanath, Pramod},
  Booktitle                = {{Proceedings of the ACM SIGCOMM 2012 Conference on Applications, Technologies, Architectures, and Protocols for Computer Communication}},
  Year                     = {2012},
  Pages                    = {223--234},
  Publisher                = {ACM},
  Series                   = {{SIGCOMM '12}}
}

@Article{15fuzzy_load_balancing_802.11,
  Title                    = {{FLBA: A fuzzy algorithm for load balancing in \{IEEE\} 802.11 networks}},
  Author                   = {Collotta, Mario},
  Journal                  = {Journal of Network and Computer Applications},
  Year                     = {2015},
  Pages                    = {183--192},
  Volume                   = {53}
}

@InProceedings{10dynamic_load_balancing_industrial,
  Title                    = {Dynamic load balancing techniques for flexible wireless industrial networks},
  Author                   = {Collotta, Mario and Bello, Lucia Lo and Toscano, Emanuele and Mirabella, Orazio},
  Booktitle                = {IECON 2010-36th Annual Conference on IEEE Industrial Electronics Society},
  Year                     = {2010},
  Organization             = {IEEE},
  Pages                    = {1329--1334}
}

@Article{12smart_association_maw_flow,
  Title                    = {{Smart Association Control in Wireless Mobile Environment Using Max-Flow}},
  Author                   = {Dandapat, S. K. and Mitra, B. and Choudhury, R. R. and Ganguly, N.},
  Journal                  = {IEEE Transactions on Network and Service Management},
  Year                     = {2012},

  Month                    = {March},
  Number                   = {1},
  Pages                    = {73--86},
  Volume                   = {9}
}

@InProceedings{15upstream_schedule_wifi,
  Title                    = {{Upstream Content Scheduling in Wi-Fi DenseNets during Large-Scale Events}},
  Author                   = {Daneels, G. and Famaey, J. and Bohez, S. and Simoens, P. and Latre, S.},
  Booktitle                = {{2015 IEEE Globecom Workshops (GC Wkshps)}},
  Year                     = {2015},
  Month                    = {Dec},
  Pages                    = {1--7}
}

@InProceedings{14Gap_free_load_balancing_cell_breathing,
  Title                    = {{Gap-free load balancing algorithms in wireless LANs using cell breathing technique}},
  Author                   = {Demırcı, İ. and Kor\c{c}ak, {\"O}.},
  Booktitle                = {{2014 IEEE International Conference on Advanced Networks and Telecommuncations Systems (ANTS)}},
  Year                     = {2014},
  Month                    = {Dec},
  Pages                    = {1--6}
}

@InProceedings{08power_control_fairness_optimisation,
  Title                    = {{Power Control in WLANs for Optimization of Social Fairness}},
  Author                   = {Douros, V. G. and Frangoudis, P. A. and Katsaros, K. and Polyzos, G. C.},
  Booktitle                = {{2008 Panhellenic Conference on Informatics}},
  Year                     = {2008},
  Month                    = {Aug},
  Pages                    = {239--243}
}

@InProceedings{07AP_selection_large_scale_WLAN,
  Title                    = {{Access Point Selection Strategy for Large-Scale Wireless Local Area Networks}},
  Author                   = {Du, L. and Bai, Y. and Chen, L.},
  Booktitle                = {{2007 IEEE Wireless Communications and Networking Conference}},
  Year                     = {2007},
  Month                    = {March},
  Pages                    = {2161--2166}
}

@InProceedings{08QOS_AP_selection_pre_load_balancing,
  Title                    = {{QoS Aware Access Point Selection for Pre-Load-Balancing in Multi-BSSs WLAN}},
  Author                   = {Du, L. and Jeong, M. R. and Yamada, A. and Bai, Y. and Chen, L.},
  Booktitle                = {{2008 IEEE Wireless Communications and Networking Conference}},
  Year                     = {2008},
  Month                    = {March},
  Pages                    = {1634--1638}
}

@Article{08association_game,
  Title                    = {{Association games in IEEE 802.11 wireless local area networks}},
  Author                   = {Ercetin, Ozgur},
  Journal                  = {IEEE Transactions on Wireless Communications},
  Year                     = {2008},

  Month                    = {December},
  Number                   = {12},
  Pages                    = {5136--5143},
  Volume                   = {7}
}

@InProceedings{14utility_based_AP_selection_QOE,
  Title                    = {{A utility based access point selection method for IEEE 802.11 wireless networks with enhanced quality of experience}},
  Author                   = {Ernst, J. B. and Kremer, S. and Rodrigues, J. J. P. C.},
  Booktitle                = {{2014 IEEE International Conference on Communications (ICC)}},
  Year                     = {2014},
  Month                    = {June},
  Pages                    = {2363--2368}
}

@InProceedings{15WI_FM,
  Title                    = {{Wi-FM: Resolving Neighborhood Wireless Network Affairs by Listening to Music}},
  Author                   = {Flores, M. and Klarman, U. and Kuzmanovic, A.},
  Booktitle                = {{2015 IEEE 23rd International Conference on Network Protocols (ICNP)}},
  Year                     = {2015},
  Month                    = {Nov},
  Pages                    = {43--53}
}

@InProceedings{07AP_selection_maximising_throughput,
  Title                    = {{Access point selection algorithms for maximizing throughputs in wireless LAN environment}},
  Author                   = {Fujiwara, Akihiro and Sagara, Yasuhiro and Nakamura, Masahiko},
  Booktitle                = {{2007 International Conference on Parallel and Distributed Systems}},
  Year                     = {2007},
  Month                    = {Dec},
  Pages                    = {1--8},
  Volume                   = {2}
}

@InProceedings{04decentralised_AP_selection_architecture,
  Title                    = {{Decentralized access point selection architecture for wireless LANs}},
  Author                   = {Fukuda, Y. and Abe, T. and Oie, Y.},
  Booktitle                = {{2004 Symposium on Wireless Telecommunications}},
  Year                     = {2004},
  Month                    = {May},
  Pages                    = {137--145}
}

@Article{09client_driven_load_balancing,
  Title                    = {{Client-driven load balancing through association control in IEEE 802.11 WLANs}},
  Author                   = {Garcia, Eduard and Ferrer, Josep L. and Lopez-Aguilera, Elena and Vidal, Rafael and Paradells, Josep},
  Journal                  = {European Transactions on Telecommunications},
  Year                     = {2009},
  Number                   = {5},
  Pages                    = {494--507},
  Volume                   = {20},

  Publisher                = {John Wiley \& Sons, Ltd.}
}

@InProceedings{08cooperative_load_balancing_cell_breating,
  Title                    = {{Cooperative load balancing in IEEE 802.11 networks with cell breathing}},
  Author                   = {Garcia, E. and Vidal, R. and Paradells, J.},
  Booktitle                = {{2008 IEEE Symposium on Computers and Communications}},
  Year                     = {2008},
  Month                    = {July},
  Pages                    = {1133--1140}
}

@Article{13Green_AP_association,
  Title                    = {{Green Access Point Selection for Wireless Local Area Networks Enhanced by Cognitive Radio}},
  Author                   = {Ge, Wendong and Chen, Shanzhi and Ji, Hong and Li, Xi and Leung, Victor C.},
  Journal                  = {Mob. Netw. Appl.},
  Year                     = {2013},

  Month                    = aug,
  Number                   = {4},
  Pages                    = {553--566},
  Volume                   = {18},

  Issue_date               = {August 2013},
  Publisher                = {Springer-Verlag New York, Inc.}
}

@InProceedings{11AP_selection_congentive_radio,
  Title                    = {{Access Point Selection for WLANs with Cognitive Radio: A Restless Bandit Approach}},
  Author                   = {Ge, W. and Ji, H. and Leung, V. C. M. and Si, P.},
  Booktitle                = {{2011 IEEE International Conference on Communications (ICC)}},
  Year                     = {2011},
  Month                    = {June},
  Pages                    = {1--5}
}

@Article{15cooeperativeRRM_cloud_radio_networks,
  Title                    = {{Cooperative Radio Resource Management in Heterogeneous Cloud Radio Access Networks}},
  Author                   = {Gerasimenko, M. and Moltchanov, D. and Florea, R. and Andreev, S. and Koucheryavy, Y. and Himayat, N. and Yeh, S. P. and Talwar, S.},
  Journal                  = {IEEE Access},
  Year                     = {2015},
  Pages                    = {397--406},
  Volume                   = {3}
}

@InProceedings{09method_AP_selection,
  Title                    = {{A method for access point selection in 802.11 networks}},
  Author                   = {Ghazisaeedi, E. and Zokaei, S.},
  Booktitle                = {{2009 First International Conference on Networked Digital Technologies}},
  Year                     = {2009},
  Month                    = {July},
  Pages                    = {447--451}
}

@Article{09traffic_balancing_dynamic_AP_selection,
  Title                    = {{Traffic Balancing with Dynamic Access Point Selection in WLANs.}},
  Author                   = {Ghazisaeedi, Ebrahim and Zokaei, Saadan},
  Journal                  = {IJWA},
  Year                     = {2009},
  Number                   = {3},
  Pages                    = {157--164},
  Volume                   = {1}
}

@InProceedings{10fair_backhaul_aggregation,
  Title                    = {{Fair WLAN Backhaul Aggregation}},
  Author                   = {Giustiniano, Domenico and Goma, Eduard and {Lopez Toledo}, Alberto and Dangerfield, Ian and Morillo, Julian and Rodriguez, Pablo},
  Booktitle                = {{Proceedings of the Sixteenth Annual International Conference on Mobile Computing and Networking}},
  Year                     = {2010},
  Pages                    = {269--280},
  Publisher                = {ACM},
  Series                   = {{MobiCom '10}}
}

@InProceedings{13SmartAP,
  Title                    = {{SmartAP: Practical WLAN backhaul aggregation}},
  Author                   = {Goma, E. and Giustiniano, D.},
  Booktitle                = {{2013 IFIP Wireless Days (WD)}},
  Year                     = {2013},
  Month                    = {Nov},
  Pages                    = {1--7}
}

@Article{14online_AP_association_80211n,
  Title                    = {{On-Line AP Association Algorithms for 802.11n WLANs with Heterogeneous Clients}},
  Author                   = {Gong, D. and Yang, Y.},
  Journal                  = {IEEE Transactions on Computers},
  Year                     = {2014},

  Month                    = {Nov},
  Number                   = {11},
  Pages                    = {2772--2786},
  Volume                   = {63}
}

@InProceedings{12AP_association_80211n,
  Title                    = {{AP association in 802.11n WLANs with heterogeneous clients}},
  Author                   = {Gong, Dawei and Yang, Yuanyuan},
  Booktitle                = {{2012 Proceedings IEEE INFOCOM}},
  Year                     = {2012},
  Month                    = {March},
  Pages                    = {1440--1448}
}

@Article{08dynamic_load_balance_mobile_users,
  Title                    = {{Dynamic load balancing through association control of mobile users in WiFi networks}},
  Author                   = {Gong, Huazhi and Kim, JongWon},
  Journal                  = {IEEE Transactions on Consumer Electronics},
  Year                     = {2008},

  Month                    = {May},
  Number                   = {2},
  Pages                    = {342--348},
  Volume                   = {54}
}

@Article{15SDN_scenarios_standard,
  Title                    = {{Software defined and virtualized wireless access in future wireless networks: scenarios and standards}},
  Author                   = {Granelli, F. and Gebremariam, A. A. and Usman, M. and Cugini, F. and Stamati, V. and Alitska, M. and Chatzimisios, P.},
  Journal                  = {IEEE Communications Magazine},
  Year                     = {2015},

  Month                    = {June},
  Number                   = {6},
  Pages                    = {26--34},
  Volume                   = {53}
}

@InProceedings{10Virtual_AP,
  Title                    = {{Virtual Access Points for Transparent Mobility in Wireless LANs}},
  Author                   = {Grunenberger, Y. and Rousseau, F.},
  Booktitle                = {{2010 IEEE Wireless Communication and Networking Conference}},
  Year                     = {2010},
  Month                    = {April},
  Pages                    = {1--6}
}

@InProceedings{08channel_assignement_SIR_WLAN,
  Title                    = {{Channel assignment in an IEEE 802.11 WLAN based on Signal-To-Interference Ratio}},
  Author                   = {Haidar, M. and Ghimire, R. and Al-Rizzo, H. and Akl, R. and Chan, Yupo},
  Booktitle                = {{2008 Canadian Conference on Electrical and Computer Engineering}},
  Year                     = {2008},
  Month                    = {May},
  Pages                    = {001169--001174}
}

@InProceedings{10CLASS_association_Mesh,
  Title                    = {{Design and Implementation of CLASS: A Cross-Layer ASSociation Scheme for Wireless Mesh Networks}},
  Author                   = {He, Y. and Perkins, D. and Velaga, S.},
  Booktitle                = {{2010 INFOCOM IEEE Conference on Computer Communications Workshops}},
  Year                     = {2010},
  Month                    = {March},
  Pages                    = {1--6}
}

@Article{13centralised_schedule_WLAN,
  Title                    = {{Experiences With a Centralized Scheduling Approach for Performance Management of IEEE 802.11 Wireless LANs}},
  Author                   = {Hegde, M. and Kumar, P. and Vasudev, K. R. and Sowmya, N. N. and Anand, S. V. R. and Kumar, A. and Kuri, J.},
  Journal                  = {IEEE/ACM Transactions on Networking},
  Year                     = {2013},

  Month                    = {April},
  Number                   = {2},
  Pages                    = {648--662},
  Volume                   = {21}
}

@InProceedings{13SAW,
  Title                    = {{Distributed spectrum assignment for home WLANs}},
  Author                   = {Herzen, J. and Merz, R. and Thiran, P.},
  Booktitle                = {{2013 Proceedings IEEE INFOCOM}},
  Year                     = {2013},
  Month                    = {April},
  Pages                    = {1573--1581}
}

@InProceedings{13SAW2,
  Title                    = {{SAW Spectrum Assignment for WLANs}},
  Author                   = {Herzen, Julien and Merz, Ruben and Thiran, Patrick},
  Booktitle                = {{ACM S3 2013}},
  Year                     = {2013},
  Number                   = {EPFL-CONF-189777}
}

@InProceedings{03performance_anomaly_DCF,
  Title                    = {{Performance anomaly of 802.11 b}},
  Author                   = {Heusse, Martin and Rousseau, Franck and Berger-Sabbatel, Gilles and Duda, Andrzej},
  Booktitle                = {{INFOCOM 2003. Twenty-Second Annual Joint Conference of the IEEE Computer and Communications. IEEE Societies}},
  Year                     = {2003},
  Organization             = {IEEE},
  Pages                    = {836--843},
  Volume                   = {2}
}

@Article{05IdleSense,
  Title                    = {Idle Sense: An Optimal Access Method for High Throughput and Fairness in Rate Diverse Wireless LANs},
  Author                   = {Heusse, Martin and Rousseau, Franck and Guillier, Romaric and Duda, Andrzej},
  Journal                  = {SIGCOMM Comput. Commun. Rev.},
  Year                     = {2005},

  Month                    = aug,
  Number                   = {4},
  Pages                    = {121--132},
  Volume                   = {35},

  Address                  = {New York, NY, USA},
  Issue_date               = {October 2005},
  Numpages                 = {12},
  Publisher                = {ACM}
}

@Article{16channel_measurment_AP_selection,
  Title                    = {{Channel measurement-based access point selection in \{IEEE\} 802.11 \{WLANs\}}},
  Author                   = {Hong, Kunho and Kim, Jun Pyo and Kim, Mun-Suk and Lee, SuKyoung},
  Journal                  = {Pervasive and Mobile Computing},
  Year                     = {2016},
  Pages                    = {58--70},
  Volume                   = {30}
}

@InProceedings{11distributed_AP_selection_power,
  Title                    = {{Joint distributed access point selection and power allocation in cognitive radio networks}},
  Author                   = {Hong, M. and Garcia, A. and Barrera, J.},
  Booktitle                = {{2011 Proceedings IEEE INFOCOM}},
  Year                     = {2011},
  Month                    = {April},
  Pages                    = {2516--2524}
}

@InProceedings{12PICASSO,
  Title                    = {{Picasso: Flexible RF and Spectrum Slicing}},
  Author                   = {Hong, Steven S. and Mehlman, Jeffrey and Katti, Sachin},
  Booktitle                = {{Proceedings of the ACM SIGCOMM 2012 Conference on Applications, Technologies, Architectures, and Protocols for Computer Communication}},
  Year                     = {2012},
  Pages                    = {37--48},
  Publisher                = {ACM},
  Series                   = {{SIGCOMM '12}}
}

@Article{14proportional_fairness_distributed_multiband,
  Title                    = {{Proportionally Fair Distributed Resource Allocation in Multiband Wireless Systems}},
  Author                   = {Hou, I-Hong and Gupta, Piyush},
  Journal                  = {IEEE/ACM Trans. Netw.},
  Year                     = {2014},

  Month                    = dec,
  Number                   = {6},
  Pages                    = {1819--1830},
  Volume                   = {22},

  Issue_date               = {December 2014},
  Numpages                 = {12},
  Publisher                = {IEEE Press}
}

@Article{11ditributed_resource_proportional_fairness,
  Title                    = {{Distributed Resource Allocation for Proportional Fairness in Multi-Band Wireless Systems}},
  Author                   = {Hou, I{-}Hong and Gupta, Piyush},
  Journal                  = {CoRR},
  Year                     = {2011},
  Volume                   = {abs/1102.2553}
}

@InProceedings{07adaptive_AP_selection,
  Title                    = {{Adaptive Access Points Selection for 802.11 Wireless Networks}},
  Author                   = {Hsieh, I-Ping and Chang, Fu-Min and Kao, Shang-Juh},
  Booktitle                = {{Proceedings of the Fourth IASTED Asian Conference on Communication Systems and Networks}},
  Year                     = {2007},
  Pages                    = {218--222},
  Publisher                = {ACTA Press},
  Series                   = {{AsiaCSN '07}},

  Numpages                 = {5}
}

@InProceedings{15AP_association_MIMO,
  Title                    = {{Client-AP association for multiuser MIMO networks}},
  Author                   = {Hsu, Y. C. and Lin, K. C. J. and Chen, W. T.},
  Booktitle                = {{2015 IEEE International Conference on Communications (ICC)}},
  Year                     = {2015},
  Month                    = {June},
  Pages                    = {2154--2159}
}

@InProceedings{15WIFI_agressive_scan,
  Title                    = {{Is There WiFi Yet?: How Aggressive Probe Requests Deteriorate Energy and Throughput}},
  Author                   = {Hu, Xueheng and Song, Lixing and {Van Bruggen}, Dirk and Striegel, Aaron},
  Booktitle                = {{Proceedings of the 2015 Internet Measurement Conference}},
  Year                     = {2015},
  Pages                    = {317--323},
  Publisher                = {ACM},
  Series                   = {{IMC '15}}
}

@Article{14throughput_optimisation_AP_association_interefrence,
  Title                    = {{Throughput Optimization in Wireless Local Networks with inter-AP Interference via a Joint-association Control, Rate Control, and Contention Resolution}},
  Author                   = {Hung, Ka-Lok and Bensaou, Brahim},
  Journal                  = {Ad Hoc Netw.},
  Year                     = {2014},

  Month                    = jan,
  Pages                    = {115--129},
  Volume                   = {12},

  Issue_date               = {January, 2014},
  Numpages                 = {15},
  Publisher                = {Elsevier Science Publishers B. V.}
}

@Article{11tcp_performance_multi_cell_wlan,
  Title                    = {{\{TCP\} performance optimization in multi-cell \{WLANs\}}},
  Author                   = {Hung, Ka-Lok and Bensaou, Brahim},
  Journal                  = {Performance Evaluation},
  Year                     = {2011},
  Note                     = {Special Issue: Advances in Wireless and Mobile Networks},
  Number                   = {9},
  Pages                    = {806--824},
  Volume                   = {68}
}

@Article{08load_balancing_QOS,
  Title                    = {IEEE 802.11 load balancing: an approach for QoS enhancement},
  Author                   = {Jabri, Issam and Krommenacker, Nicolas and Divoux, Thierry and Soudani, Adel},
  Journal                  = {International Journal of Wireless Information Networks},
  Year                     = {2008},
  Number                   = {1},
  Pages                    = {16--30},
  Volume                   = {15},

  Publisher                = {Springer}
}

@InProceedings{10trafic_aware_decentralised_AP_selection,
  Title                    = {{Traffic-aware decentralized AP selection for multi-rate in WLANs}},
  Author                   = {w. Jang, J. and s. Lim, Y. and k. Kim, C.},
  Booktitle                = {{2010 The 12th International Conference on Advanced Communication Technology (ICACT)}},
  Year                     = {2010},
  Month                    = {Feb},
  Pages                    = {278--283},
  Volume                   = {1}
}

@InProceedings{06practical_queue_based_AP_association,
  Title                    = {{IQU: practical queue-based user association management for WLANs}},
  Author                   = {Jardosh, Amit P and Mittal, Kimaya and Ramachandran, Krishna N and Belding, Elizabeth M and Almeroth, Kevin C},
  Booktitle                = {{Proceedings of the 12th annual international conference on Mobile computing and networking}},
  Year                     = {2006},
  Organization             = {ACM},
  Pages                    = {158--169}
}

@InProceedings{05proportional_fairness_WLAN,
  Title                    = {{Proportional fairness in wireless LANs and ad hoc networks}},
  Author                   = {Jiang, Li Bin and Liew, Soung Chang},
  Booktitle                = {{IEEE Wireless Communications and Networking Conference, 2005}},
  Year                     = {2005},
  Month                    = {March},
  Pages                    = {1551--1556 Vol. 3},
  Volume                   = {3}
}

@InProceedings{14channel_selection_regression,
  Title                    = {{A channel selection strategy for WLAN in urban areas by regression analysis}},
  Author                   = {Kajita, S. and Yamaguchi, H. and Higashino, T. and Umehara, S. and Saitou, F. and Urayama, H. and Yamada, M. and Maeno, T. and Kaneda, S. and Takai, M.},
  Booktitle                = {{2014 IEEE 10th International Conference on Wireless and Mobile Computing, Networking and Communications (WiMob)}},
  Year                     = {2014},
  Month                    = {Oct},
  Pages                    = {642--647}
}

@InProceedings{08FatVAP_aggregate_AP_backhaul_capacity,
  Title                    = {{FatVAP: Aggregating AP Backhaul Capacity to Maximize Throughput}},
  Author                   = {Kandula, Srikanth and Lin, Kate Ching-Ju and Badirkhanli, Tural and Katabi, Dina},
  Booktitle                = {{Proceedings of the 5th USENIX Symposium on Networked Systems Design and Implementation}},
  Year                     = {2008},
  Pages                    = {89--104},
  Publisher                = {USENIX Association},
  Series                   = {{NSDI'08}}
}

@InProceedings{14optimalAP_INFOCOM,
  Title                    = {{Optimal collaborative access point association in wireless networks}},
  Author                   = {Karimi, O. B. and Liu, J. and Rexford, J.},
  Booktitle                = {{IEEE INFOCOM 2014 - IEEE Conference on Computer Communications}},
  Year                     = {2014},
  Month                    = {April},
  Pages                    = {1141--1149}
}

@InProceedings{07measurment_self_WIFI,
  Title                    = {{Measurement-Based Self Organization of Interfering 802.11 Wireless Access Networks}},
  Author                   = {Kauffmann, B. and Baccelli, F. and Chaintreau, A. and Mhatre, V. and Papagiannaki, K. and Diot, C.},
  Booktitle                = {{IEEE INFOCOM 2007 - 26th IEEE International Conference on Computer Communications}},
  Year                     = {2007},
  Month                    = {May},
  Pages                    = {1451--1459}
}

@PhdThesis{05self_organisation_interefring_WLAN,
  Title                    = {{Self organization of interfering 802.11 wireless access networks}},
  Author                   = {Kauffmann, Bruno and Baccelli, Fran\c{c}ois and Chaintreau, Augustin and Papagiannaki, Konstantina and Diot, Christophe},
  School                   = {INRIA},
  Year                     = {2005}
}

@InProceedings{13trigger_based_dynamic_load_balance_virtualised_interface,
  Title                    = {{A trigger-based dynamic load balancing method for WLANs using virtualized network interfaces}},
  Author                   = {Kawada, M. and Tamai, M. and Yasumoto, K.},
  Booktitle                = {{2013 IEEE Wireless Communications and Networking Conference (WCNC)}},
  Year                     = {2013},
  Month                    = {April},
  Pages                    = {1091--1096}
}

@Article{97kelly_elastic_rate,
  Title                    = {Charging and rate control for elastic traffic},
  Author                   = {Kelly, Frank},
  Journal                  = {European Transactions on Telecommunications},
  Year                     = {1997},
  Number                   = {1},
  Pages                    = {33--37},
  Volume                   = {8},

  Publisher                = {Wiley Subscription Services, Inc., A Wiley Company}
}

@InProceedings{11contention_traffic_load_aware_association,
  Title                    = {{Contention and traffic load-aware association in IEEE 802.11 WLANs: Algorithms and implementation}},
  Author                   = {Keranidis, Stratos and Korakis, Thanasis and Koutsopoulos, Iordanis and Tassiulas, Leandros},
  Booktitle                = {{Modeling and Optimization in Mobile, Ad Hoc and Wireless Networks (WiOpt), 2011 International Symposium on}},
  Year                     = {2011},
  Organization             = {IEEE},
  Pages                    = {334--341}
}

@InProceedings{17AP_selection_adaptive_CCAT,
  Title                    = {{AP Selection Algorithm with Adaptive CCAT for Dense Wireless Networks}},
  Author                   = {Kim, Yena and Kim, Mun-Suk and Lee, SuKyoung and Griffith, David and Golmie, Nada},
  Booktitle                = {{Wireless Communications and Networking Conference (WCNC), 2017 IEEE}},
  Year                     = {2017},
  Organization             = {IEEE},
  Pages                    = {1--6}
}

@InProceedings{07distributed_channel_assignement_multiradio_mesh,
  Title                    = {{Distributed Channel Assignment in Multi-Radio 802.11 Mesh Networks}},
  Author                   = {Ko, B. J. and Misra, V. and Padhye, J. and Rubenstein, D.},
  Booktitle                = {{2007 IEEE Wireless Communications and Networking Conference}},
  Year                     = {2007},
  Month                    = {March},
  Pages                    = {3978--3983}
}

@InProceedings{10joint_bandwidth_association,
  Title                    = {A joint approach to bandwidth allocation and AP-client association for WLANs},
  Author                   = {Ko, Hyeonmok and Shin, Jongmin and Kwak, Dongho and Kim, Cheeha},
  Booktitle                = {Local Computer Networks (LCN), 2010 IEEE 35th Conference on},
  Year                     = {2010},
  Organization             = {IEEE},
  Pages                    = {576--581}
}

@InProceedings{08AP_assignement_algorithms,
  Title                    = {{Access point assignment algorithms in WLANs based on throughput objectives}},
  Author                   = {Koukoutsidis, I. and Siris, V. A.},
  Booktitle                = {{2008 6th International Symposium on Modeling and Optimization in Mobile, Ad Hoc, and Wireless Networks and Workshops}},
  Year                     = {2008},
  Month                    = {April},
  Pages                    = {375--383}
}

@Article{15load_performance_enhancement,
  Title                    = {IEEE 802.11 WLAN Load Balancing for Network Performance Enhancement},
  Author                   = {Krishan, Ram and Laxmi, Vijay},
  Journal                  = {Procedia Computer Science},
  Year                     = {2015},
  Pages                    = {493--499},
  Volume                   = {57},

  Publisher                = {Elsevier}
}

@Article{15platform_wifi_cellular_access,
  Title                    = {{An advanced Wi-Fi data service platform coupled with a cellular network for future wireless access}},
  Author                   = {Kudo, R. and Takatori, Y. and Abeysekera, B. A. H. S. and Inoue, Y. and Murase, A. and Yamada, A. and Yasuda, H. and Okumura, Y.},
  Journal                  = {IEEE Communications Magazine},
  Year                     = {2014},

  Month                    = {Nov},
  Number                   = {11},
  Pages                    = {46--53},
  Volume                   = {52}
}

@InProceedings{05optimal_association_stations,
  Title                    = {Optimal Association of Stations and APs in an IEEE 802.11 WLAN},
  Author                   = {Kumar, Anurag and Kumar, Vinod},
  Booktitle                = {Proceedings of the National Conference on Communications (NCC)},
  Year                     = {2005},
  Pages                    = {1--5}
}

@Article{10throughput_performance_varible_load,
  Title                    = {{On the throughput performance of multirate IEEE 802.11 networks with variable-loaded stations: analysis, modeling, and a novel proportional fairness criterion}},
  Author                   = {Laddomada, M. and Mesiti, F. and Mondin, M. and Daneshgaran, F.},
  Journal                  = {IEEE Transactions on Wireless Communications},
  Year                     = {2010},

  Month                    = {May},
  Number                   = {5},
  Pages                    = {1594--1607},
  Volume                   = {9}
}

@Article{15time_fairness_MAC,
  Title                    = {{A Time Fairness-Based MAC Algorithm for Throughput Maximization in 802.11 Networks}},
  Author                   = {Le, Y. and Ma, L. and Cheng, W. and Cheng, X. and Chen, B.},
  Journal                  = {IEEE Transactions on Computers},
  Year                     = {2015},

  Month                    = {Jan},
  Number                   = {1},
  Pages                    = {19--31},
  Volume                   = {64}
}

@InProceedings{12Maximising_throughput_time_fairness,
  Title                    = {{Maximizing throughput when achieving time fairness in multi-rate wireless LANs}},
  Author                   = {Le, Yuan and Ma, Liran and Cheng, Wei and Cheng, Xiuzhen and Chen, Biao},
  Booktitle                = {{2012 Proceedings IEEE INFOCOM}},
  Year                     = {2012},
  Month                    = {March},
  Pages                    = {2911--2915}
}

@InProceedings{08available_bandwidth_based_AP_association,
  Title                    = {{Available Bandwidth-based Association in IEEE 802.11 Wireless LANs}},
  Author                   = {Lee, Heeyoung and Kim, Seongkwan and Lee, Okhwan and Choi, Sunghyun and Lee, Sung-Ju},
  Booktitle                = {{Proceedings of the 11th International Symposium on Modeling, Analysis and Simulation of Wireless and Mobile Systems}},
  Year                     = {2008},
  Pages                    = {132--139},
  Publisher                = {ACM},
  Series                   = {{MSWiM '08}},

  Numpages                 = {8}
}

@Article{16ODCF_makingDCF_optimal,
  Title                    = {{Making 802.11 DCF Near-Optimal: Design, Implementation, and Evaluation}},
  Author                   = {Lee, J. and Lee, H. and Yi, Y. and Chong, S. and Knightly, E. W. and Chiang, M.},
  Journal                  = {IEEE/ACM Transactions on Networking},
  Year                     = {2016},

  Month                    = {June},
  Number                   = {3},
  Pages                    = {1745--1758},
  Volume                   = {24}
}

@InProceedings{06self_managed_distributed_channel_selection,
  Title                    = {{A Self-Managed Distributed Channel Selection Algorithm for WLANs}},
  Author                   = {Leith, D. J. and Clifford, P.},
  Booktitle                = {{2006 4th International Symposium on Modeling and Optimization in Mobile, Ad Hoc and Wireless Networks}},
  Year                     = {2006},
  Month                    = {April},
  Pages                    = {1--9}
}

@Article{10log_convexity,
  Title                    = {{Log-convexity of rate region in 802.11e WLANs}},
  Author                   = {Leith, D. J. and Subramanian, V. G. and Duffy, K. R.},
  Journal                  = {IEEE Communications Letters},
  Year                     = {2010},

  Month                    = {January},
  Number                   = {1},
  Pages                    = {57--59},
  Volume                   = {14}
}

@InProceedings{08proportional_fairness_multiRate_LAN,
  Title                    = {{Proportional Fairness in Multi-Rate Wireless LANs}},
  Author                   = {Li, L. and Pal, M. and Yang, Y. R.},
  Booktitle                = {{IEEE INFOCOM 2008 - The 27th Conference on Computer Communications}},
  Year                     = {2008},
  Month                    = {April}
}

@Article{11proportional_fairness_power_control,
  Title                    = {{Achieving Proportional Fairness via AP Power Control in Multi-Rate WLANs}},
  Author                   = {Li, W. and Cui, Y. and Cheng, X. and Al-Rodhaan, M. A. and Al-Dhelaan, A.},
  Journal                  = {IEEE Transactions on Wireless Communications},
  Year                     = {2011},

  Month                    = {November},
  Number                   = {11},
  Pages                    = {3784--3792},
  Volume                   = {10}
}

@InProceedings{10approximate_optimisation_proportional,
  Title                    = {{Approximate optimization for proportional fair AP association in multi-rate WLANs}},
  Author                   = {Li, Wei and Cui, Yong and Wang, Shengling and Cheng, Xiuzhen},
  Booktitle                = {{International Conference on Wireless Algorithms, Systems, and Applications}},
  Year                     = {2010},
  Organization             = {Springer},
  Pages                    = {36--46}
}

@Article{14AP_association_multirate_WLAN,
  Title                    = {{AP Association for Proportional Fairness in Multirate WLANs}},
  Author                   = {Li, W. and Wang, S. and Cui, Y. and Cheng, X. and Xin, R. and Al-Rodhaan, M. A. and Al-Dhelaan, A.},
  Journal                  = {IEEE/ACM Transactions on Networking},
  Year                     = {2014},

  Month                    = {Feb},
  Number                   = {1},
  Pages                    = {191--202},
  Volume                   = {22}
}

@InProceedings{15online_channel_select_user_association,
  Title                    = {{Online channel selection and user association in high-density WiFi networks}},
  Author                   = {Lingzhi, W. and Cunqing, H. and Rong, Z. and Rui, N.},
  Booktitle                = {{2015 IEEE International Conference on Communications (ICC)}},
  Year                     = {2015},
  Month                    = {June},
  Pages                    = {1571--1576}
}

@InProceedings{10indoor_spatial_reuse_directionnal_antenna,
  Title                    = {{Pushing the Envelope of Indoor Wireless Spatial Reuse Using Directional Access Points and Clients}},
  Author                   = {Liu, Xi and Sheth, Anmol and Kaminsky, Michael and Papagiannaki, Konstantina and Seshan, Srinivasan and Steenkiste, Peter},
  Booktitle                = {{Proceedings of the Sixteenth Annual International Conference on Mobile Computing and Networking}},
  Year                     = {2010},
  Pages                    = {209--220},
  Publisher                = {ACM},
  Series                   = {{MobiCom '10}}
}

@InProceedings{11multi_rate_AP_selection,
  Title                    = {{A Mutil-Rate Access Point selection policy in IEEE 802.11 WLANs}},
  Author                   = {Liu, Zhihong and Liu, Yaping and Gong, Zhenghu and Chen, Lin},
  Booktitle                = {{2011 International Conference on Multimedia Technology}},
  Year                     = {2011},
  Month                    = {July},
  Pages                    = {63--67}
}

@InProceedings{14AP_selection_game_mobile_users,
  Title                    = {{Access Point selection game for mobile wireless users}},
  Author                   = {Liyanage, M. and Chirkova, J. and Gurtov, A.},
  Booktitle                = {{Proceeding of IEEE International Symposium on a World of Wireless, Mobile and Multimedia Networks 2014}},
  Year                     = {2014},
  Month                    = {June},
  Pages                    = {1--6}
}

@Article{11localised_AP_selection,
  Title                    = {{Localized Access Point Selection in Infrastructure Wireless LANs with Performance Guarantee}},
  Author                   = {Lu, Mingming and Wu, Jie},
  Journal                  = {Wirel. Commun. Mob. Comput.},
  Year                     = {2011},

  Month                    = aug,
  Number                   = {8},
  Pages                    = {994--1010},
  Volume                   = {11},

  Issue_date               = {August 2011},
  Publisher                = {John Wiley and Sons Ltd.}
}

@InProceedings{06using_smart_triggers,
  Title                    = {{Using Smart Triggers for Improved User Performance in 802.11 Wireless Networks}},
  Author                   = {Mhatre, Vivek and Papagiannaki, Konstantina},
  Booktitle                = {{Proceedings of the 4th International Conference on Mobile Systems, Applications and Services}},
  Year                     = {2006},
  Pages                    = {246--259},
  Publisher                = {ACM},
  Series                   = {{MobiSys '06}},

  Location                 = {Uppsala, Sweden},
  Numpages                 = {14}
}

@InProceedings{06Optimal_design_high_density_WLAN,
  Title                    = {{Optimal Design of High Density 802.11 WLANs}},
  Author                   = {Mhatre, Vivek P. and Papagiannaki, Konstantina},
  Booktitle                = {{Proceedings of the 2006 ACM CoNEXT Conference}},
  Year                     = {2006},
  Pages                    = {8:1--8:12},
  Publisher                = {ACM},
  Series                   = {{CoNEXT '06}},

  Articleno                = {8},
  Location                 = {Lisboa, Portugal}
}

@InProceedings{07interference_mitigation_power_control,
  Title                    = {{Interference Mitigation Through Power Control in High Density 802.11 WLANs}},
  Author                   = {Mhatre, V. P. and Papagiannaki, K. and Baccelli, F.},
  Booktitle                = {{IEEE INFOCOM 2007 - 26th IEEE International Conference on Computer Communications}},
  Year                     = {2007},
  Month                    = {May},
  Pages                    = {535--543}
}

@Article{05weighted_coloring_channel_assignement_WLAN,
  Title                    = {{Weighted Coloring Based Channel Assignment for WLANs}},
  Author                   = {Mishra, Arunesh and Banerjee, Suman and Arbaugh, William},
  Journal                  = {SIGMOBILE Mob. Comput. Commun. Rev.},
  Year                     = {2005},

  Month                    = jul,
  Number                   = {3},
  Pages                    = {19--31},
  Volume                   = {9},

  Issue_date               = {July 2005},
  Publisher                = {ACM}
}

@InProceedings{06client_channel_WLAN,
  Title                    = {{A Client-Driven Approach for Channel Management in Wireless LANs}},
  Author                   = {Mishra, A. and Brik, V. and Banerjee, S. and Srinivasan, A. and Arbaugh, W.},
  Booktitle                = {{Proceedings IEEE INFOCOM 2006. 25TH IEEE International Conference on Computer Communications}},
  Year                     = {2006},
  Month                    = {April},
  Pages                    = {1--12}
}

@InProceedings{14group_based_RRM,
  Title                    = {{Group-based centralized radio resource management strategies in wireless local area networks}},
  Author                   = {Miyamoto, S. and Sampei, S.},
  Booktitle                = {{2014 XXXIth URSI General Assembly and Scientific Symposium (URSI GASS)}},
  Year                     = {2014},
  Month                    = {Aug},
  Pages                    = {1--4}
}

@Article{10Assesment_EDCA_real_time,
  Title                    = {{Assessment of the IEEE 802.11e EDCA Protocol Limitations when Dealing with Real-time Communication}},
  Author                   = {Moraes, Ricardo and Portugal, Paulo and Vasques, Francisco and Cust{\'o}dio, Ricardo F.},
  Journal                  = {EURASIP J. Wirel. Commun. Netw.},
  Year                     = {2010},

  Month                    = apr,
  Pages                    = {29:1--29:13},
  Volume                   = {2010},

  Acmid                    = {1928683},
  Articleno                = {29},
  Issue_date               = {April 2010},
  Publisher                = {Hindawi Publishing Corp.}
}

@InProceedings{08Design_high_wifi_entreprise,
  Title                    = {{Designing High Performance Enterprise Wi-Fi Networks}},
  Author                   = {Murty, Rohan and Padhye, Jitendra and Chandra, Ranveer and Wolman, Alec and Zill, Brian},
  Booktitle                = {{Proceedings of the 5th USENIX Symposium on Networked Systems Design and Implementation}},
  Year                     = {2008},
  Pages                    = {73--88},
  Publisher                = {USENIX Association},
  Series                   = {{NSDI'08}}
}

@InProceedings{10Dyson,
  Title                    = {{Dyson: An Architecture for Extensible Wireless LANs}},
  Author                   = {Murty, Rohan and Padhye, Jitendra and Wolman, Alec and Welsh, Matt},
  Booktitle                = {{Proceedings of the 2010 USENIX Conference on USENIX Annual Technical Conference}},
  Year                     = {2010},
  Pages                    = {15--15},
  Publisher                = {USENIX Association},
  Series                   = {{USENIXATC'10}},

  Location                 = {Boston, MA}
}

@InProceedings{08_access_method_proportional_absolute,
  Title                    = {{A Novel Access Method for Supporting Absolute and Proportional Priorities in 802.11 WLANs}},
  Author                   = {Nassiri, M. and Heusse, M. and Duda, A.},
  Booktitle                = {{IEEE INFOCOM 2008 - The 27th Conference on Computer Communications}},
  Year                     = {2008},
  Month                    = {April},

  Doi                      = {10.1109/INFOCOM.2008.121},
  ISSN                     = {0743-166X},
  Keywords                 = {wireless LAN; wireless channels; IEEE 802.11e standard; enhanced distributed channel access method; idle sense method; wireless LAN; Broadcasting; Communications Society; Degradation; Informatics; Multimedia communication; Quality of service; Telecommunication traffic; Teleconferencing; Throughput; Wireless networks}
}

@InProceedings{16Indoor_spatial_reuse_adaptive_antenna,
  Title                    = {{Enhancing Indoor Spatial Reuse Through Adaptive Antenna Beamsteering: Demo}},
  Author                   = {Nguyen, Danh H. and Paatelma, Anton and Saarnisaari, Harri and Kandasamy, Nagarajan and Dandekar, Kapil R.},
  Booktitle                = {{Proceedings of the Tenth ACM International Workshop on Wireless Network Testbeds, Experimental Evaluation, and Characterization}},
  Year                     = {2016},
  Pages                    = {81--82},
  Publisher                = {ACM},
  Series                   = {{WiNTECH '16}},

  Numpages                 = {2}
}

@InProceedings{16SDR_directionnal_channel,
  Title                    = {{Enabling Synchronous Directional Channel Access on SDRs for Spectrum Sharing Applications}},
  Author                   = {Nguyen, Danh H. and Paatelma, Anton and Saarnisaari, Harri and Kandasamy, Nagarajan and Dandekar, Kapil R.},
  Booktitle                = {{Proceedings of the Tenth ACM International Workshop on Wireless Network Testbeds, Experimental Evaluation, and Characterization}},
  Year                     = {2016},
  Pages                    = {57--64},
  Publisher                = {ACM},
  Series                   = {{WiNTECH '16}}
}

@InProceedings{98Beamforming_effectivness,
  Title                    = {{Evaluation of beamforming algorithm effectiveness for the smart wireless LAN system}},
  Author                   = {Okamoto, G. and Jeng, Shiann-Shiun and Tseng, Stone and Xu, Guanghan},
  Booktitle                = {{Vehicular Technology Conference, 1998. VTC 98. 48th IEEE}},
  Year                     = {1998},
  Month                    = {May},
  Pages                    = {1675--1679 vol.3},
  Volume                   = {3}
}

@Article{15AP_selection_coordination,
  Title                    = {{Access Point Association Coordination in Densely Deployed 802.11 Wireless Networks}},
  Author                   = {Oni, Phillip},
  Year                     = {2015},

  Publisher                = {Canadian theses}
}

@InProceedings{17decentralised_AP_selection,
  Title                    = {{Decentralized AP selection in large-scale wireless LANs considering multi-AP interference}},
  Author                   = {Oni, P. B. and Blostein, S. D.},
  Booktitle                = {{2017 International Conference on Computing, Networking and Communications (ICNC)}},
  Year                     = {2017},
  Month                    = {Jan},
  Pages                    = {13--18}
}

@InProceedings{15AP_association_CCA,
  Title                    = {{AP Association Optimization and CCA Threshold Adjustment in Dense WLANs}},
  Author                   = {Oni, P. B. and Blostein, S. D.},
  Booktitle                = {{2015 IEEE Globecom Workshops (GC Wkshps)}},
  Year                     = {2015},
  Month                    = {Dec},
  Pages                    = {1--6}
}

@InProceedings{01dynamic_loadBalanceWLAN,
  Title                    = {{A study on dynamic load balance for ieee 802.11b wireless lan}},
  Author                   = {Papanikos, Ioannis and Logothetis, Michael},
  Booktitle                = {{in COMCON 2001}},
  Year                     = {2001}
}

@Article{16rigourous_practical_proportional_fair_AP,
  Title                    = {{Rigorous and practical proportional-fair allocation for multi-rate Wi-Fi}},
  Author                   = {Patras, Paul and Garcia-Saavedra, Andr{\'e}s and Malone, David and Leith, Douglas J.},
  Journal                  = {Ad Hoc Networks},
  Year                     = {2016},
  Pages                    = {21--34},
  Volume                   = {36, Part 1}
}

@InProceedings{15COAP,
  Title                    = {{Outsourcing coordination and management of home wireless access points through an open API}},
  Author                   = {Patro, A. and Banerjee, S.},
  Booktitle                = {{2015 IEEE Conference on Computer Communications (INFOCOM)}},
  Year                     = {2015},
  Month                    = {April},
  Pages                    = {1454--1462}
}

@InProceedings{13home_wifi_experince,
  Title                    = {{Observing Home Wireless Experience Through WiFi APs}},
  Author                   = {Patro, Ashish and Govindan, Srinivas and Banerjee, Suman},
  Booktitle                = {{Proceedings of the 19th Annual International Conference on Mobile Computing \&\#38; Networking}},
  Year                     = {2013},
  Pages                    = {339--350},
  Publisher                = {ACM},
  Series                   = {{MobiCom '13}}
}

@Article{13outsourcing_AP_cloud_API,
  Title                    = {{Outsourcing home AP management to the cloud through an open API}},
  Author                   = {Patro, Ashish and Govindan, Srinivas and Banerjee, Suman},
  Journal                  = {Traffic (in Mbps)},
  Year                     = {2013},
  Pages                    = {4},
  Volume                   = {2}
}

@Article{17why_Long_WIFI_Connect,
  Title                    = {{Why It Takes So Long to Connect to a WiFi Access Point}},
  Author                   = {Pei, Changhua and Wang, Zhi and Zhao, Youjian and Wang, Zihan and Meng, Yuan and Pei, Dan and Peng, Yuanquan and Tang, Wenliang and Qu, Xiaodong},
  Journal                  = {CoRR},
  Year                     = {2017},
  Volume                   = {abs/1701.02528}
}

@Article{09adjacent_channel_interference_allocation,
  Title                    = {{Adjacent channel interference reduction in multichannel wireless networks using intelligent channel allocation}},
  Author                   = {Raman, Vijay and Vaidya, Nitin H},
  Journal                  = {Coordinated Science Laboratory, University of Illinois at Urbana-Champaign, Tech. Rep},
  Year                     = {2009}
}

@InProceedings{14load_handoff_SDN,
  Title                    = {Load-aware hand-offs in software defined wireless LANs},
  Author                   = {Rangisetti, Anil Kumar and Baldaniya, Hardik Bhopabhai and Kumar, Pradeep and Tamma, Bheemarjuna Reddy},
  Booktitle                = {Wireless and Mobile Computing, Networking and Communications (WiMob), 2014 IEEE 10th International Conference on},
  Year                     = {2014},
  Organization             = {IEEE},
  Pages                    = {685--690}
}

@InProceedings{16centralised_framework_AP_selection_fittingness_factor,
  Title                    = {{A centralized framework for smart access point selection based on the Fittingness Factor}},
  Author                   = {Raschell{\`a}, A. and Bouhafs, F. and Seyedebrahimi, M. and Mackay, M. and Shi, Q.},
  Booktitle                = {{2016 23rd International Conference on Telecommunications (ICT)}},
  Year                     = {2016},
  Month                    = {May},
  Pages                    = {1--5}
}

@Article{17QOS_AP_selection,
  Title                    = {{Quality of Service Oriented Access Point Selection Framework for Large Wi-Fi Networks}},
  Author                   = {Raschella, A. and Bouhafs, F. and Seyedebrahimi, M. and Mackay, M. and Shi, Q.},
  Journal                  = {IEEE Transactions on Network and Service Management},
  Year                     = {2017},
  Number                   = {99},
  Pages                    = {1--1},
  Volume                   = {PP}
}

@InProceedings{13Odin_poster,
  Title                    = {{Thor: Energy programmable WiFi networks}},
  Author                   = {Riggio, R. and Sengul, C. and Suresh, L. and Schulz--zander, J. and Feldmann, A.},
  Booktitle                = {{2013 IEEE Conference on Computer Communications Workshops (INFOCOM WKSHPS)}},
  Year                     = {2013},
  Month                    = {April},
  Pages                    = {21--22}
}

@InProceedings{05frequancy_allocation_graph_coloring,
  Title                    = {{Frequency Allocation for WLANs Using Graph Colouring Techniques}},
  Author                   = {Riihijarvi, Janne and Petrova, Marina and Mahonen, Petri},
  Booktitle                = {{Proceedings of the Second Annual Conference on Wireless On-demand Network Systems and Services}},
  Year                     = {2005},
  Pages                    = {216--222},
  Publisher                = {IEEE Computer Society},
  Series                   = {{WONS '05}}
}

@InProceedings{07Traffic_channel_assignment_WLAN,
  Title                    = {{Traffic-Aware Channel Assignment in Enterprise Wireless LANs}},
  Author                   = {Rozner, E. and Mehta, Y. and Akella, A. and Qiu, L.},
  Booktitle                = {{2007 IEEE International Conference on Network Protocols}},
  Year                     = {2007},
  Month                    = {Oct},
  Pages                    = {133--143}
}

@Article{13hotspot_RUCKUS,
  Title                    = {{Hotspot 2.0 Making WIFI as easy to use and secure as cellular}},
  Author                   = {RUCKUS},
  Journal                  = {RUCKUS white paper},
  Year                     = {2013},

  Month                    = {July}
}

@InProceedings{15coordinate_dynamic_spectrum_LTE_WIFI,
  Title                    = {{Coordinated dynamic spectrum management of LTE-U and Wi-Fi networks}},
  Author                   = {Sagari, S. and Baysting, S. and Saha, D. and Seskar, I. and Trappe, W. and Raychaudhuri, D.},
  Booktitle                = {{2015 IEEE International Symposium on Dynamic Spectrum Access Networks (DySPAN)}},
  Year                     = {2015},
  Month                    = {Sept},
  Pages                    = {209--220}
}

@Article{16IEEE802.11k_r_v,
  Title                    = {On IEEE 802.11K/R/V amendments: Do they have a real impact?},
  Author                   = {M. I. Sanchez and A. Boukerche},
  Journal                  = {IEEE Wireless Communications},
  Year                     = {2016},
  Number                   = {1},
  Pages                    = {48-55},
  Volume                   = {23}
}

@InProceedings{15OpenSDWN_home_entreprise_WIFI,
  Title                    = {{OpenSDWN: Programmatic Control over Home and Enterprise WiFi}},
  Author                   = {Schulz-Zander, Julius and Mayer, Carlos and Ciobotaru, Bogdan and Schmid, Stefan and Feldmann, Anja},
  Booktitle                = {{Proceedings of the 1st ACM SIGCOMM Symposium on Software Defined Networking Research}},
  Year                     = {2015},
  Pages                    = {16:1--16:12},
  Publisher                = {ACM},
  Series                   = {{SOSR '15}},

  Articleno                = {16}
}

@InProceedings{14Odin:Programmatic_Orchestration_WiFi,
  Title                    = {{Programmatic Orchestration of WiFi Networks}},
  Author                   = {Schulz-Zander, Julius and Suresh, Lalith and Sarrar, Nadi and Feldmann, Anja and H{\"u}hn, Thomas and Merz, Ruben},
  Booktitle                = {{2014 USENIX Annual Technical Conference (USENIX ATC 14)}},
  Year                     = {2014},
  Pages                    = {347--358},
  Publisher                = {USENIX Association}
}

@InProceedings{16VALI_SDN,
  Title                    = {{VALI -- an SDN-based Management Framework for Public Wireless LANs: Poster}},
  Author                   = {Senapathi, Sivaprakash and Foukas, Xenofon and Marina, Mahesh K.},
  Booktitle                = {{Proceedings of the 22Nd Annual International Conference on Mobile Computing and Networking}},
  Year                     = {2016},
  Pages                    = {443--444},
  Publisher                = {ACM},
  Series                   = {{MobiCom '16}},

  Numpages                 = {2}
}

@Article{17building_SDN_entreprise_virtual_AP,
  Title                    = {{Building an SDN Enterprise WLAN Based on Virtual APs}},
  Author                   = {Sequeira, L. and de la Cruz, J. L. and Ruiz-Mas, J. and Saldana, J. and Fernandez-Navajas, J. and Almodovar, J.},
  Journal                  = {IEEE Communications Letters},
  Year                     = {2017},

  Month                    = {Feb},
  Number                   = {2},
  Pages                    = {374--377},
  Volume                   = {21}
}

@InProceedings{16SDN_based_channel_assignement,
  Title                    = {{SDN-based channel assignment algorithm for interference management in dense Wi-Fi networks}},
  Author                   = {Seyedebrahimi, M. and Bouhafs, F. and Raschell{\`a}, A. and Mackay, M. and Shi, Q.},
  Booktitle                = {{2016 European Conference on Networks and Communications (EuCNC)}},
  Year                     = {2016},
  Month                    = {June},
  Pages                    = {128--132}
}

@InProceedings{16centralised_wifi_manegement,
  Title                    = {{A centralised Wi-Fi management framework for D2D communications in dense Wi-Fi networks}},
  Author                   = {Seyedebrahimi, Mirghiasaldin and Raschell{\`a}, Alessandro and Bouhafs, Faycal and Mackay, Michael and Shi, Qi and Eiza, Mahmoud Hashem},
  Booktitle                = {{Standards for Communications and Networking (CSCN), 2016 IEEE Conference on}},
  Year                     = {2016},
  Organization             = {IEEE},
  Pages                    = {1--6}
}

@Article{07Multihoming_users_AP_population_game,
  Title                    = {{Multihoming of Users to Access Points in WLANs: A Population Game Perspective}},
  Author                   = {Shakkottai, S. and Altman, E. and Kumar, A.},
  Journal                  = {IEEE Journal on Selected Areas in Communications},
  Year                     = {2007},

  Month                    = {August},
  Number                   = {6},
  Pages                    = {1207--1215},
  Volume                   = {25}
}

@InProceedings{06non_coopretaive_multihoming_users_AP,
  Title                    = {{The Case for Non-Cooperative Multihoming of Users to Access Points in IEEE 802.11 WLANs}},
  Author                   = {Shakkottai, S. and Altman, E. and Kumar, A.},
  Booktitle                = {{Proceedings IEEE INFOCOM 2006. 25TH IEEE International Conference on Computer Communications}},
  Year                     = {2006},
  Month                    = {April},
  Pages                    = {1--12}
}

@Article{15Node_throughput_enhencement_wifi,
  Title                    = {{Per-node throughput enhancement in Wi-Fi densenets}},
  Author                   = {Shin, K. and Park, I. and Hong, J. and Har, D. and h. Cho, D.},
  Journal                  = {IEEE Communications Magazine},
  Year                     = {2015},

  Month                    = {January},
  Number                   = {1},
  Pages                    = {118--125},
  Volume                   = {53}
}

@Article{93general_assignment_approximation,
  Title                    = {{An approximation algorithm for the generalized assignment problem}},
  Author                   = {Shmoys, David B and Tardos, {\'E}va},
  Journal                  = {Mathematical programming},
  Year                     = {1993},
  Number                   = {1-3},
  Pages                    = {461--474},
  Volume                   = {62},

  Publisher                = {Springer}
}

@InProceedings{09CENTAUR,
  Title                    = {{CENTAUR: Realizing the Full Potential of Centralized Wlans Through a Hybrid Data Path}},
  Author                   = {Shrivastava, Vivek and Ahmed, Nabeel and Rayanchu, Shravan and Banerjee, Suman and Keshav, Srinivasan and Papagiannaki, Konstantina and Mishra, Arunesh},
  Booktitle                = {{Proceedings of the 15th Annual International Conference on Mobile Computing and Networking}},
  Year                     = {2009},
  Pages                    = {297--308},
  Publisher                = {ACM},
  Series                   = {{MobiCom '09}},

  Location                 = {Beijing, China}
}

@InProceedings{11PIE_sky,
  Title                    = {{PIE in the Sky: Online Passive Interference Estimation for Enterprise WLANs}},
  Author                   = {Shrivastava, Vivek and Rayanchu, Shravan and Banerjee, Suman and Papagiannaki, Konstantina},
  Booktitle                = {{Proceedings of the 8th USENIX Conference on Networked Systems Design and Implementation}},
  Year                     = {2011},
  Pages                    = {337--350},
  Publisher                = {USENIX Association},
  Series                   = {{NSDI'11}}
}

@InProceedings{07AP_selection_improving_througput_fairness,
  Title                    = {{Access Point Selection for Improving Throughput Fairness in Wireless LANs}},
  Author                   = {Siris, V. A. and Evaggelatou, D.},
  Booktitle                = {{2007 10th IFIP/IEEE International Symposium on Integrated Network Management}},
  Year                     = {2007},
  Month                    = {May},
  Pages                    = {469--477}
}

@InProceedings{06Optimal_CWmin_Selection,
  Title                    = {Optimal CWmin Selection for Achieving Proportional Fairness in Multi-rate 802.11e WLANs: Test-bed Implementation and Evaluation},
  Author                   = {Siris, Vasilios A. and Stamatakis, George},
  Booktitle                = {Proceedings of the 1st International Workshop on Wireless Network Testbeds, Experimental Evaluation \& Characterization},
  Year                     = {2006},

  Address                  = {New York, NY, USA},
  Pages                    = {41--48},
  Publisher                = {ACM},
  Series                   = {WiNTECH '06},

  Location                 = {Los Angeles, CA, USA},
  Numpages                 = {8}
}

@Article{15AP_selection_game_correlated_equilibrium,
  Title                    = {{Access Point Selection Game with Mobile Users Using Correlated Equilibrium}},
  Author                   = {Sohn, Insoo},
  Journal                  = {PLOS ONE},
  Year                     = {2015},

  Month                    = {03},
  Number                   = {3},
  Pages                    = {1--13},
  Volume                   = {10}
}

@Article{09dynamic_association_load_balancing,
  Title                    = {Dynamic association for load balancing and interference avoidance in multi-cell networks},
  Author                   = {Son, Kyuho and Chong, Song and De Veciana, Gustavo},
  Journal                  = {IEEE Transactions on Wireless Communications},
  Year                     = {2009},
  Number                   = {7},
  Volume                   = {8},

  Publisher                = {IEEE}
}

@InProceedings{15dynamic_AP_association_SDN,
  Title                    = {{Dynamic access point association using Software Defined Networking}},
  Author                   = {Sood, K. and Liu, S. and Yu, S. and Xiang, Y.},
  Booktitle                = {{2015 International Telecommunication Networks and Applications Conference (ITNAC)}},
  Year                     = {2015},
  Month                    = {Nov},
  Pages                    = {226--231}
}

@InProceedings{11Concurent_wifi_mobile_users,
  Title                    = {{Concurrent Wi-Fi for Mobile Users: Analysis and Measurements}},
  Author                   = {Soroush, Hamed and Gilbert, Peter and Banerjee, Nilanjan and Levine, Brian Neil and Corner, Mark and Cox, Landon},
  Booktitle                = {{Proceedings of the Seventh COnference on Emerging Networking EXperiments and Technologies}},
  Year                     = {2011},
  Pages                    = {4:1--4:12},
  Publisher                = {ACM},
  Series                   = {{CoNEXT '11}},

  Articleno                = {4}
}

@Article{09CAPWAP,
  Title                    = {{Control and provisioning of wireless access points (CAPWAP) protocol specification}},
  Author                   = {Stanley, Dorothy and Calhoun, Pat and Montemurro, Michael},
  Year                     = {2009}
}

@Article{16improving_AP_association_channel_utilisation_adaptive_probing,
  Title                    = {{Improving Access Point Association Protocols Through Channel Utilization and Adaptive Probing}},
  Author                   = {Sun, T. and Zhang, Y. and Trappe, W.},
  Journal                  = {IEEE Transactions on Mobile Computing},
  Year                     = {2016},

  Month                    = {May},
  Number                   = {5},
  Pages                    = {1157--1167},
  Volume                   = {15}
}

@InProceedings{11AP_association_channel_switching,
  Title                    = {{Improving Access Point Association Protocols through Channel Utilization and Adaptive Switching}},
  Author                   = {Sun, T. and Zhang, Y. and Trappe, W.},
  Booktitle                = {{2011 IEEE Eighth International Conference on Mobile Ad-Hoc and Sensor Systems}},
  Year                     = {2011},
  Month                    = {Oct},
  Pages                    = {155--157}
}

@InProceedings{06need_cross_layer_AP_selection_algo,
  Title                    = {{The need for cross-layer information in access point selection algorithms}},
  Author                   = {Sundaresan, Karthikeyan and Papagiannaki, Konstantina},
  Booktitle                = {{Proceedings of the 6th {ACM} {SIGCOMM} Internet Measurement Conference, {IMC} 2006, Rio de Janeriro, Brazil, October 25-27, 2006}},
  Year                     = {2006},
  Pages                    = {257--262}
}

@InProceedings{12ODIN_demo,
  Title                    = {{Demo: Programming Enterprise WLANs with Odin}},
  Author                   = {Suresh, Lalith and Schulz-Zander, Julius and Merz, Ruben and Feldmann, Anja},
  Booktitle                = {{Proceedings of the ACM SIGCOMM 2012 Conference on Applications, Technologies, Architectures, and Protocols for Computer Communication}},
  Year                     = {2012},
  Pages                    = {279--280},
  Publisher                = {ACM},
  Series                   = {{SIGCOMM '12}}
}

@InProceedings{12ODIN_entreprise_LAN,
  Title                    = {{Towards Programmable Enterprise WLANS with Odin}},
  Author                   = {Suresh, Lalith and Schulz-Zander, Julius and Merz, Ruben and Feldmann, Anja and Vazao, Teresa},
  Booktitle                = {{Proceedings of the First Workshop on Hot Topics in Software Defined Networks}},
  Year                     = {2012},
  Pages                    = {115--120},
  Publisher                = {ACM},
  Series                   = {{HotSDN '12}}
}

@InProceedings{06AP_slection_strategy_IEEE11_E,
  Title                    = {{Access point selection strategy in IEEE802.11e WLAN networks}},
  Author                   = {Takeuchi, S. and Sezaki, K. and Yasuda, Y.},
  Booktitle                = {{IEEE Wireless Communications and Networking Conference, 2006. WCNC 2006.}},
  Year                     = {2006},
  Pages                    = {914--919},
  Volume                   = {2}
}

@InProceedings{04time_based_fairness_multirate_WLAN,
  Title                    = {{Time-based Fairness Improves Performance in Multi-rate WLANs}},
  Author                   = {Tan, Godfrey and Guttag, John},
  Booktitle                = {{Proceedings of the Annual Conference on USENIX Annual Technical Conference}},
  Year                     = {2004},
  Pages                    = {23--23},
  Publisher                = {USENIX Association},
  Series                   = {{ATEC '04}},

  Location                 = {Boston, MA}
}

@Article{16throughput_optimisation_association_bandwidth,
  Title                    = {{Throughput Optimization via Association Control in Wireless LANs}},
  Author                   = {Tang, Heyi and Yang, Liu and Dong, Jiang and Ou, Zhonghong and Cui, Yong and Wu, Jianping},
  Journal                  = {Mobile Networks and Applications},
  Year                     = {2016},
  Number                   = {3},
  Pages                    = {453--466},
  Volume                   = {21}
}

@InProceedings{10potential_throughput_AP_selection,
  Title                    = {{Potential throughput based access point selection}},
  Author                   = {Tang, Suhua and Taniguchi, Noriyuki and Shagdar, Oyunchimeg and Tamai, Morihiko and Yomo, Hiroyuki and Hasegawa, Akio and Ueda, Tetsuro and Miura, Ryu and Obana, Sadao},
  Booktitle                = {{Communications (APCC), 2010 16th Asia-Pacific Conference on}},
  Year                     = {2010},
  Organization             = {IEEE},
  Pages                    = {470--475}
}

@InProceedings{05facilitating_AP_selection,
  Title                    = {{Facilitating Access Point Selection in IEEE 802.11 Wireless Networks}},
  Author                   = {Vasudevan, S. and Papagiannaki, K. and Diot, C. and Kurose, J. and Towsley, D.},
  Booktitle                = {{Proceedings of the 5th ACM SIGCOMM Conference on Internet Measurement}},
  Year                     = {2005},
  Pages                    = {26--26},
  Publisher                = {USENIX Association},
  Series                   = {{IMC '05}},

  Location                 = {Berkeley, CA},
  Numpages                 = {1}
}

@Article{13adaptive_proportional_fairness,
  Title                    = {{Adaptive proportional fairness resource allocation for OFDM-based cognitive radio networks}},
  Author                   = {Wang, Shaowei and Huang, Fangjiang and Wang, Chonggang},
  Journal                  = {Wireless Networks},
  Year                     = {2013},
  Number                   = {3},
  Pages                    = {273--284},
  Volume                   = {19}
}

@InProceedings{04Intelligent_resource_management,
  Title                    = {{Intelligent radio resource management for IEEE 802.11 WLAN}},
  Author                   = {Wang, Y. and Cuthbert, L. G. and Bigham, J.},
  Booktitle                = {{IEEE Wireless Communications and Networking Conference}},
  Year                     = {2004},
  Month                    = {March},
  Pages                    = {1365--1370 Vol.3},
  Volume                   = {3}
}

@InProceedings{09achieving_effeciency_fairness_vehicular,
  Title                    = {Achieving efficiency and fairness for association control in vehicular networks},
  Author                   = {Xie, Lei and Li, Qun and Mao, Weizhen and Wu, Jie and Chen, Daoxu},
  Booktitle                = {Network Protocols, 2009. ICNP 2009. 17th IEEE International Conference on},
  Year                     = {2009},
  Organization             = {IEEE},
  Pages                    = {324--333}
}

@InProceedings{10Practical_AP_Association,
  Title                    = {{Designing a Practical Access Point Association Protocol}},
  Author                   = {Xu, F. and Tan, C. C. and Li, Q. and Yan, G. and Wu, J.},
  Booktitle                = {{2010 Proceedings IEEE INFOCOM}},
  Year                     = {2010},
  Month                    = {March},
  Pages                    = {1--9}
}

@Article{13smartAssoc,
  Title                    = {{SmartAssoc: Decentralized Access Point Selection Algorithm to Improve Throughput}},
  Author                   = {Xu, F. and Zhu, X. and Tan, C. C. and Li, Q. and Yan, G. and Wu, J.},
  Journal                  = {IEEE Transactions on Parallel and Distributed Systems},
  Year                     = {2013},

  Month                    = {Dec},
  Number                   = {12},
  Pages                    = {2482--2491},
  Volume                   = {24}
}

@InProceedings{11channel_Association_game,
  Title                    = {{Channel Assignment and User Association Game in Dense 802.11 Wireless Networks}},
  Author                   = {Xu, W. and Hua, C. and Huang, A.},
  Booktitle                = {{2011 IEEE International Conference on Communications (ICC)}},
  Year                     = {2011},
  Month                    = {June},
  Pages                    = {1--5}
}

@InProceedings{10game_load_balancing_association,
  Title                    = {A game theoretical approach for load balancing user association in 802.11 wireless networks},
  Author                   = {Xu, Wenchao and Hua, Cunqing and Huang, Aiping},
  Booktitle                = {Global Telecommunications Conference (GLOBECOM 2010), 2010 IEEE},
  Year                     = {2010},
  Organization             = {IEEE},
  Pages                    = {1--5}
}

@Article{13sociality_aware_AP_slection,
  Title                    = {{Sociality-Aware Access Point Selection in Enterprise Wireless LANs}},
  Author                   = {Xue, G. and He, Q. and Zhu, H. and He, T. and Liu, Y.},
  Journal                  = {IEEE Transactions on Parallel and Distributed Systems},
  Year                     = {2013},

  Month                    = {Oct},
  Number                   = {10},
  Pages                    = {2069--2078},
  Volume                   = {24}
}

@InProceedings{15Demand_aware_load_balance_WLAN,
  Title                    = {{Demand-Aware Load Balancing in Wireless LANs Using Association Control}},
  Author                   = {Yang, L. and Cui, Y. and Tang, H. and Xiao, S.},
  Booktitle                = {{2015 IEEE Global Communications Conference (GLOBECOM)}},
  Year                     = {2015},
  Month                    = {Dec},
  Pages                    = {1--6}
}

@Article{15survey_SDWN,
  Title                    = {{Software-Defined and Virtualized Future Mobile and Wireless Networks: {A} Survey}},
  Author                   = {Yang, Mao and Li, Yong and Jin, Depeng and Zeng, Lieguang and Wu, Xin and Vasilakos, Athanasios V.},
  Journal                  = {CoRR},
  Year                     = {2014},
  Volume                   = {abs/1409.0079}
}

@InProceedings{15AP_selection_multirate,
  Title                    = {{Access Point Selection for Multi-Rate IEEE 802.11 Wireless LANs}},
  Author                   = {Yang, Shicong and Krishnan, Michael and Zakhor, Avideh},
  Booktitle                = {{Global Communications Conference (GLOBECOM), 2015 IEEE}},
  Year                     = {2015},
  Organization             = {IEEE},
  Pages                    = {1--7}
}

@Article{11stability_fairness_APselection_game,
  Title                    = {{Stability and Fairness of AP Selection Games in IEEE 802.11 Access Networks}},
  Author                   = {Yen, L. H. and Li, J. J. and Lin, C. M.},
  Journal                  = {IEEE Transactions on Vehicular Technology},
  Year                     = {2011},

  Month                    = {March},
  Number                   = {3},
  Pages                    = {1150--1160},
  Volume                   = {60}
}

@Article{09load_balancing_WLAN,
  Title                    = {{Load Balancing in IEEE 802.11 Networks}},
  Author                   = {Yen, L. H. and Yeh, T. T. and Chi, K. H.},
  Journal                  = {IEEE Internet Computing},
  Year                     = {2009},

  Month                    = {Jan},
  Number                   = {1},
  Pages                    = {56--64},
  Volume                   = {13}
}

@InProceedings{05eleminate_performance_anomaly_80211b,
  Title                    = {{Eliminating the Performance Anomaly of 802.11B}},
  Author                   = {Yoo, See-hwan and Choi, Jin-Hee and Hwang, Jae-Hyun and Yoo, Chuck},
  Booktitle                = {{Proceedings of the 4th International Conference on Networking - Volume Part II}},
  Year                     = {2005},
  Pages                    = {1055--1062},
  Publisher                = {Springer-Verlag},
  Series                   = {{ICN'05}}
}

@InProceedings{04decentralised_AP_selection_robusteness,
  Title                    = {{Decentralized access point selection architecture for wireless LANs eployability and robustness}},
  Author                   = {Yukuda, Y. and Oie, Y.},
  Booktitle                = {{IEEE 60th Vehicular Technology Conference, 2004. VTC2004-Fall. 2004}},
  Year                     = {2004},
  Month                    = {Sept},
  Pages                    = {1103--1107 Vol. 2},
  Volume                   = {2}
}

@Article{05DIRAC,
  Title                    = {{A software support infrastructure for wireless access routers}},
  Author                   = {Zerfos, P. and Zhong, G. and Lu, Songwu},
  Journal                  = {IEEE Journal on Selected Areas in Communications},
  Year                     = {2005},

  Month                    = {June},
  Number                   = {6},
  Pages                    = {1253--1266},
  Volume                   = {23}
}

@Article{16CCI_queuing_model,
  Title                    = {{Queuing Theory Based Co-Channel Interference Analysis Approach for High-Density Wireless Local Area Networks}},
  Author                   = {Zhang, Jie and Han, Guangjie and Qian, Yujie},
  Journal                  = {Sensors},
  Year                     = {2016},
  Number                   = {9},
  Pages                    = {1348},
  Volume                   = {16},

  Publisher                = {Multidisciplinary Digital Publishing Institute}
}

@Article{14leverage_SDN_openFlow_entreprise_WLAN,
  Title                    = {{Leveraging SDN and OpenFlow to Mitigate Interference in Enterprise WLAN.}},
  Author                   = {Zhao, Dong and Zhu, Ming and Xu, Ming},
  Journal                  = {JOURNAL OF NETWORKS},
  Year                     = {2014},
  Number                   = {6},
  Pages                    = {1526--1533},
  Volume                   = {9}
}

@InBook{09throughput_measurment_AP_selection,
  Title                    = {{Throughput Measurement-Based Access Point Selection for Multi-rate Wireless LANs}},
  Author                   = {Zhao, Yanxiao and Song, Min and Wang, Jun and Park, E. K.},
  Editor                   = {Liu, Benyuan and Bestavros, Azer and Du, Ding-Zhu and Wang, Jie},
  Pages                    = {509--518},
  Publisher                = {Springer Berlin Heidelberg},
  Year                     = {2009},

  Address                  = {Berlin, Heidelberg},

  Booktitle                = {{Wireless Algorithms, Systems, and Applications: 4th International Conference, WASA 2009, Boston, MA, USA, August 16-18, 2009. Proceedings}}
}

@InProceedings{05channel_proportional_fairness_MIMO,
  Title                    = {{Channel-aware weighted proportional fair medium access control in wireless LANs with MIMO links}},
  Author                   = {Zheng, Dong and Zhang, Junshan},
  Booktitle                = {{Second International Conference on Quality of Service in Heterogeneous Wired/Wireless Networks (QSHINE'05)}},
  Year                     = {2005},
  Month                    = {Aug},
  Pages                    = {8 pp.--24}
}

@Article{11user_centric_management_WLAN,
  Title                    = {{User-Centric Management of Wireless LANs}},
  Author                   = {Zhu, Y. and Ma, Q. and Bisdikian, C. and Ying, C.},
  Journal                  = {IEEE Transactions on Network and Service Management},
  Year                     = {2011},

  Month                    = {September},
  Number                   = {3},
  Pages                    = {165--175},
  Volume                   = {8}
}

@Book{17CISCO_mobility_guide,
  Title                    = {Enterprise Mobility 8.1 Design Guide},
  Publisher                = {Cisco Systems, Inc.},
  Year                     = {2017},

  Owner                    = {CISCO},
  Timestamp                = {2017.07.17}
}

@Article{16standard_802.11,
  Title                    = {IEEE Standard for Information technology--Telecommunications and information exchange between systems Local and metropolitan area networks--Specific requirements - Part 11: Wireless LAN Medium Access Control (MAC) and Physical Layer (PHY) Specifications},
  Journal                  = {IEEE Std 802.11-2016 (Revision of IEEE Std 802.11-2012)},
  Year                     = {2016},

  Month                    = {Dec},
  Pages                    = {1-3534}
}

@Book{cisco802.11ac_white_paper,
  Title                    = {802.11ac: The Fifth Generation of Wi-Fi, technical white paper},
  Publisher                = {CISCO},
  Year                     = {2014},

  Owner                    = {kafiamine},
  Timestamp                = {2017.08.29}
}

